@article{bronfeld2011loss,
  title={Loss of specificity in basal ganglia related movement disorders},
  author={Bronfeld, Maya and Bar-Gad, Izhar},
  journal={Frontiers in systems neuroscience},
  volume={5},
  pages={38},
  year={2011},
  publisher={Frontiers},
  url={https://www.ncbi.nlm.nih.gov/pubmed/11248944}
}

@book{steiner2016handbook,
  title={Handbook of basal ganglia structure and function},
  author={Steiner, Heinz and Tseng, Kuei Y},
  volume={24},
  year={2016},
  publisher={Academic Press},
  url={https://www.elsevier.com/books/handbook-of-basal-ganglia-structure-and-function/steiner/978-0-12-802206-1}
}


@misc{openai-gym,
  Author = {Greg Brockman and Vicki Cheung and Ludwig Pettersson and Jonas Schneider and John Schulman and Jie Tang and Wojciech Zaremba},
  Title = {OpenAI Gym},
  Year = {2016},
  Eprint = {arXiv:1606.01540},
}