@misc{mount,
title={Sermon on the Mount},
type = {Talk},
author={Christ, Jesus},
journal={Matthew},
volume={7:12},
year={33},
url={https://www.biblegateway.com/passage/?search=matthew+7\%3A12&version=NCV}
}

@misc{independence,
  title={Declaration of Independence},
  author={Jefferson, Thomas},
  year={1776},
  url={https://en.wikisource.org/wiki/United_States_Declaration_of_Independence}
}

@book{trilemma,
  title={De Ira Dei},
  author={Lactantius},
  url={https://en.wikipedia.org/wiki/Epicurus#Epicurean_paradox}
}

@article{king1963tough,
  title={A Tough Mind and a Tender Heart.”},
  author={King Jr, Martin Luther and King, Coretta Scott and King, Coretta S},
  journal={Strength to Love},
  pages={13--20},
  year={1963},
url={http://okra.stanford.edu/transcription/document_images/Vol06Scans/30Aug1959AToughMindandaTenderHeart.pdf}
}

@book{singer1995animal,
  title={Animal liberation},
  author={Singer, Peter},
  year={1995},
  publisher={Random House}
}

@article{coetzee1999lives,
  title={The lives of animals},
  author={Coetzee, JM},
  journal={TANNER LECTURES ON HUMAN VALUES},
  volume={20},
  pages={111--166},
  year={1999},
  publisher={UNIVERSITY OF UTAH PRESS}
}

@article{turing1954computing,
  title={Computing machinery and intelligence},
  author={Turing, AM},
  journal={Methodos},
  volume={6},
  pages={195--223},
  year={1954},
  publisher={Giangiacomo Feltrinelli Editore}
}


@misc{noether,
author={Noether, Emmy},
year={1918},
title={Invariante Variationsprobleme},
journal={Nachr. D. König. Gesellsch. D. Wiss. Zu Göttingen, Math-phys. Klasse},
oages={235–257}
}
